@misc{engstrom2016faststyletransfer,
  author = {Logan Engstrom},
  title = {Fast Style Transfer},
  year = {2016},
  howpublished = {\url{https://github.com/lengstrom/fast-style-transfer/}},
  note = {commit xxxxxxx}
},

@article{DBLP:journals/corr/GatysEB15a,
  author    = {Leon A. Gatys and
               Alexander S. Ecker and
               Matthias Bethge},
  title     = {A Neural Algorithm of Artistic Style},
  journal   = {CoRR},
  volume    = {abs/1508.06576},
  year      = {2015},
  url       = {http://arxiv.org/abs/1508.06576},
  archivePrefix = {arXiv},
  eprint    = {1508.06576},
  timestamp = {Wed, 07 Jun 2017 14:41:58 +0200},
  biburl    = {http://dblp.org/rec/bib/journals/corr/GatysEB15a},
  bibsource = {dblp computer science bibliography, http://dblp.org}
},

@inproceedings{Johnson2016Perceptual,
  title={Perceptual losses for real-time style transfer and super-resolution},
  author={Johnson, Justin and Alahi, Alexandre and Fei-Fei, Li},
  booktitle={European Conference on Computer Vision},
  year={2016}
},

@article{DBLP:journals/corr/UlyanovVL16,
  author    = {Dmitry Ulyanov and
               Andrea Vedaldi and
               Victor S. Lempitsky},
  title     = {Instance Normalization: The Missing Ingredient for Fast Stylization},
  journal   = {CoRR},
  volume    = {abs/1607.08022},
  year      = {2016},
  url       = {http://arxiv.org/abs/1607.08022},
  archivePrefix = {arXiv},
  eprint    = {1607.08022},
  timestamp = {Wed, 07 Jun 2017 14:42:57 +0200},
  biburl    = {http://dblp.org/rec/bib/journals/corr/UlyanovVL16},
  bibsource = {dblp computer science bibliography, http://dblp.org}
}
